@book{Tanenbaum,
author = {Tanenbaum, Andrew Stuart and Austin, Todd},
title = {Structured Computer Organization},
year = {2013},
publisher = {Prentice Hall},
address = {New Jersey},
volume = {6},
pages = {2-7},
}

@article{ArchVM,
author = {Smith, James E. and Nair, Ravi},
title = {The Architecture of Virtual Machines},
year = {2008},
journal = {http://www.ittc.ku.edu/$\sim$kulkarni/teaching/archieve/EECS800-Spring-2008/smith\_nair.pdf},
note = {Retrieved on February 24, 2015}
}

@article{OSI,
author = {Briscoe, Neil},
title = {Understanding The OSI 7-Layer Model},
year = {2008},
journal = {http://memberfiles.freewebs.com/61/55/58745561/documents/OSI.pdf},
note = {Retrieved on February 24, 2015}
}

@article{OSI2,
author = {Beal, Vangie},
title = {The 7 layers of the OSI model},
year = {2015},
journal = {http://www.webopedia.com/quick\_ref/OSI\_Layers.asp},
note = {Retrieved on February 24, 2015},
} 

@article{VMIntro1,
author = {Vanover, Rick},
title = {Introduction to virtualization, abstraction is key},
year = {2013},
journal = {http://www.techrepublic.com/blog/data-center/introduction-to-virtualization-abstraction-is-key/},
note = {Retrieved on February 24, 2015},
}

@article{Benefit1,
author = {Bigelow, Stephen J.},
title = {Understanding the befefits of a virtual machine},
year = {2009},
journal = {http://searchservervirtualization.techtarget.com/tip/Understanding-the-benefits-of-a-virtual-machine},
note = {Retrieved on February 25, 2015},
}

@article{Benefit2,
author = {VMware},
title = {Virtualization Advantages},
year = {2015},
journal = {http://www.vmware.com/virtualization/virtualization-basics/virtualization-benefits.html},
note = {Retrieved on February 25, 2015},
}

@article{Benefit3,
author = {Vogel, David},
title = {The benefits and Challenges of Virtual Machine Hosting},
year = {2014},
journal = {http://www.datapipe.com/blog/2014/04/23/benefits-challenges-virtual-machine-hosting/},
note = {Retrieved on February 25, 2015},
}

@article{Benefit4,
author = {VMware},
title = {Security and virtual machines},
year = {2015},
journal = {https://pubs.vmware.com/vsphere-4-esx-vcenter/index.jsp\#security\_for\_esx\_systems/c\_security\_and\_virtual\_machines.html},
note = {Retrieved on February 25, 2015},
}

@article{Microsoft,
author = {Microsoft},
title = {Advantages of Hyper-V},
year = {2015},
journal = {https://msdn.microsoft.com/en-US/library/cc768521\%28v=bts.10\%29.aspx},
note = {Retrieved on February 27, 2015},
}

@book{CompTia,
author = {Prowse, David L.},
title = {CompTIA Security+ SYO-201 Cert Guide},
year = {2014},
publisher = {Prentice Hall},
address = {New Jersey},
volume = {3},
}

@article{Crossover,
author = {Wang, Zhenxiang Jim},
title = {How to recover virtualized x86 instructions},
year = {2009},
journal = {https://www.virusbtn.com/conference/vb2009/abstracts/Wang.xml},
note = {Retrieved on February 26, 2015},
}

@article{Stackex,
author = {Marcin},
title = {How secure are virtual machines really? },
year = {2011},
journal = {http://security.stackexchange.com/questions/3056/how-secure-are-virtual-machines-really-false-sense-of-security},
note = {Retrieved on February 26, 2015},
}

@article{Techtarget,
author = {House, Margaret},
title = {Hypervisor},
year = {2006},
journal = {http://searchservervirtualization.techtarget.com/definition/hypervisor},
note = {Retrieved on February 26, 2015},
}

@article{Datacenter,
author = {Kleyman, Bill},
title = {Hypervisor 101: Understanding the Virtualization Market},
year = {2012},
journal = {http://www.datacenterknowledge.com/archives/2012/08/01/hypervisor-101-a-look-hypervisor-market/},
note = {Retrieved on February 26, 2015},
}

@article{Techtarget2,
author = {Siebert, Eric},
title = {Understanding hosted and bare-metal virtualization hypervisor types},
year = {2006},
journal = {http://searchservervirtualization.techtarget.com/tip/Understanding-hosted-and-bare-metal-virtualization-hypervisor-types},
note = {Retrieved on February 26, 2015},
}

@article{Xen1,
author = {Pavlicek, Russell},
title = {Understanding hosted and bare-metal virtualization hypervisor types},
year = {2012},
journal = {http://wiki.xen.org/wiki/Xen\_Overview},
note = {Retrieved on February 26, 2015},
}

@article{Xen2,
author = {Kurth, Lars},
title = {Choice of Toolstacks},
year = {2012},
journal = {http://wiki.xen.org/wiki/Choice\_of\_Toolstacks\#Default\_.2F\_XL},
note = {Retrieved on February 26, 2015},
}

@article{HyperV,
author = {Soper, Tony},
title = {Getting to Know Hyper-V: A Walkthrough from Initial Setup to Common Scenarios},
year = {2012},
journal = {https://technet.microsoft.com/library/ee256064\%28WS.10\%29.aspx},
note = {Retrieved on February 27, 2015},
}

@article{HyperVOverview,
author = {Microsoft},
title = {Overview of Hyper-V},
year = {2010},
journal = {https://technet.microsoft.com/en-us/library/cc816638\%28WS.10\%29.aspx},
note = {Retrieved on February 27, 2015},
}

@article{HyperVSuccessor,
author = {Microsoft},
title = {Virtuele machines uitvoeren onder Windows 8.1 met Client Hyper-V},
year = {2015},
journal = {http://windows.microsoft.com/nl-be/windows-8/hyper-v-run-virtual-machines},
note = {Retrieved on February 27, 2015},
}

@article{HyperV2,
author = {Shinder, Deb},
title = {10 things you should know about Hyper-V},
year = {2008},
journal = {http://www.techrepublic.com/blog/10-things/10-things-you-should-know-about-hyper-v/},
note = {Retrieved on February 27, 2015},
}

@article{HyperVArch,
author = {Microsoft MSDN},
title = {Hyper-V Architecture},
year = {2015},
journal = {https://msdn.microsoft.com/en-us/library/cc768520\%28v=bts.10\%29.aspx},
note = {Retrieved on February 27, 2015},
}

@article{HyperVArch2,
author = {Smyth, Neil},
title = {An Overview of the Hyper-V Architecture},
year = {2009},
journal = {http://www.virtuatopia.com/index.php/An\_Overview\_of\_the\_Hyper-V\_Architecture},
note = {Retrieved on February 27, 2015},
}

@article{VMware1,
author = {Grehl, Florian},
title = {VMware ESXi Release and Build Number History},
year = {2015},
journal = {http://www.virten.net/vmware/esxi-release-build-number-history/\#esxi3.5},
note = {Retrieved on February 27, 2015},
}

@book{VirtualBox,
author = {Oracle},
title = {VirtualBox User Manual},
year = {2015},
publisher = {Oracle},
volume = {6},
pages = {1-15},
}

@article{Technet1,
author = {Microsoft Technet},
title = {Configure Networking},
year = {2015},
journal = {https://technet.microsoft.com/en-us/library/cc770380.aspx},
note = {Retrieved on March 2, 2015},
}

@article{XenNetworking,
author = {Jackson, Ian},
title = {Xen Networking},
year = {2012},
journal = {http://wiki.xenproject.org/wiki/Xen\_Networking\#Bridging},
note = {Retrieved on March 2, 2015},
}

@article{HyperVNetworking1,
author = {Kennedy, Patrick},
title = {Hyper-V Networking and Virtual Switches Overview},
year = {2011},
journal = {http://www.servethehome.com/hyperv-networking-virtual-switches-overview/},
note = {Retrieved on March 2, 2015},
}

@article{HyperVNetworking2,
author = {Microsoft Technet},
title = {Configuring Virtual Networks},
year = {2015},
journal = {https://technet.microsoft.com/nl-be/library/cc816585\%28v=WS.10\%29.aspx},
note = {Retrieved on March 2, 2015},
}

@article{HyperVNetworking3,
author = {Howard, John},
title = {Hyper-V: What are the uses for different types of virtual networks?},
year = {2008},
journal = {http://blogs.technet.com/b/jhoward/archive/2008/06/17/hyper-v-what-are-the-uses-for-different-types-of-virtual-networks.aspx},
note = {Retrieved on March 2, 2015},
}


@article{VHD1,
author = {Microsoft MSDN},
title = {Virtual Disk},
year = {2012},
journal = {https://msdn.microsoft.com/en-us/library/windows/desktop/dd323684\%28v=vs.85\%29.aspx},
note = {Retrieved on March 3, 2015},
}

@article{VHD2,
author = {TLDP},
title = {What Is Logical Volume Management?},
year = {2002},
journal = {http://www.tldp.org/HOWTO/LVM-HOWTO/whatisvolman.html},
note = {Retrieved on March 3, 2015},
}

@article{VHD3,
author = {Garrison, Justin},
title = {What is Logical Volume Management and How Do You Enable It in Ubuntu?},
year = {2011},
journal = {http://www.howtogeek.com/howto/36568/what-is-logical-volume-management-and-how-do-you-enable-it-in-ubuntu/},
note = {Retrieved on March 3, 2015},
}

@article{HardwareVirt1,
author = {Vangie, Beal},
title = {Understanding Hardware-Assisted Virtualization},
year = {2007},
journal = {http://www.webopedia.com/DidYouKnow/Computer\_Science/hardware\_assisted\_virtualization.asp},
note = {Retrieved on March 7, 2015},
}

@article{HardwareVirt2,
author = {Intel},
title = {Intel Virtualization Technology (Intel VT)},
year = {2015},
journal = {http://www.intel.com/content/www/us/en/virtualization/virtualization-technology/intel-virtualization-technology.html},
note = {Retrieved on March 7, 2015},
}

@article{HardwareVirt3,
author = {Jeong, Soyoung},
title = {In-depth Overview of x86 Server Virtualization Technology},
year = {2013},
journal = {http://www.cubrid.org/blog/dev-platform/x86-server-virtualization-technology/},
note = {Retrieved on March 7, 2015},
}

@article{HardwareVirt4,
author = {Burger, TW},
title = {IntelÂ® Virtualization Technology for Directed I/O (VT-d): Enhancing Intel platforms for efficient virtualization of I/O devices},
year = {2012},
journal = {https://software.intel.com/en-us/articles/intel-virtualization-technology-for-directed-io-vt-d-enhancing-intel-platforms-for-efficient-virtualization-of-io-devices},
note = {Retrieved on March 7, 2015},
}

@article{VTD,
author = {Ott, David},
title = {Understanding VT-d: Intel Virtualization Technology for Directed I/O},
year = {2009},
journal = {https://software.intel.com/en-us/blogs/2009/06/25/understanding-vt-d-intel-virtualization-technology-for-directed-io/},
note = {Retrieved on March 7, 2015},
}

@book{AMDVI,
author = {AMD},
title = {Advanced Micro Devices, Inc. AMD I/O Virtualization Technology (IOMMU) Specification License Agreement},
year = {2009},
publisher = {AMD},
note = {Retrieved on March 7, 2015},
}

@article{Virus,
author = {Avis, Chris E.},
title = {VMware or Microsoft: Protecting VM's - Agents or Agentless?},
year = {2013},
journal = {http://blogs.technet.com/b/chrisavis/archive/2013/08/22/vmware-or-microsoft-protecting-vm-s-agents-or-agentless.aspx},
note = {Retrieved on March 8, 2015},
}

@Inproceedings {LibVirt,
address      = {Oakland, CA},
author       = {Samuel T. King and Peter M. Chen and Yi-Min Wang and Chad Verbowski and Helen J.
                Wang and Jacob R. Lorch},
booktitle    = {Proceedings of the 2006 IEEE Symposium on Security and Privacy},
month        = {May},
pages        = {314-327},
publisher    = {Institute of Electrical and Electronics Engineers, Inc.},
title        = {SubVirt: Implementing malware with virtual machines},
url          = {http://research.microsoft.com/apps/pubs/default.aspx?id=67911},
year         = {2006},
}

@article{BluePill,
author = {Rutkowska, Joanna},
title = {Introducing Blue Pill},
year = {2006},
journal = {http://theinvisiblethings.blogspot.be/2006/06/introducing-blue-pill.html},
note = {Retrieved on March 8, 2015},
}

@article{VMBR,
author = {Ben-Yehuda, Muli},
title = {Machine Virtualization, efficient hypervisors and stealthy malware},
year = {2013},
journal = {http://www.mulix.org/lectures/vmsecurity/vmsec-cyberday13.pdf},
note = {Retrieved on March 8, 2015},
}

@article{Rootkit,
author = {Kassner, Michael},
title = {10+ things you should know about rootkits},
year = {2008},
journal = {http://www.techrepublic.com/blog/10-things/10-plus-things-you-should-know-about-rootkits},
note = {Retrieved on March 8, 2015},
}

@article{Virus,
author = {Jeanty, Jacquelyn},
title = {How Does A Computer Virus Spread?},
year = {2015},
journal = {http://www.ehow.com/how-does\_4579979\_computer-virus-spread.html},
note = {Retrieved on March 9, 2015},
}

@article{Virus2,
author = {Microsoft Technet},
title = {Virtual network security},
year = {2015},
journal = {https://technet.microsoft.com/en-us/library/cc720393(v=ws.10).aspx},
note = {Retrieved on March 9, 2015},
}

@article{Firewall1,
author = {Remde, Kevin},
title = {Extend Your Hyper-V Virtual Switch in Windows Server 2012},
year = {2012},
journal = {http://blogs.technet.com/b/kevinremde/archive/2012/10/20/31-days-of-our-favorite-things-extend-your-hyper-v-virtual-switch-in-windows-server-2012-part-20-of-31.aspx},
note = {Retrieved on March 9, 2015},
}

@article{Firewall2,
author = {Siron, Eric},
title = {7 keys to Hyper-V Security},
year = {2014},
journal = {http://www.altaro.com/hyper-v/7-keys-to-hyper-v-security/},
note = {Retrieved on March 9, 2015},
}